@misc{mqtt,
	author = {OASIS},
	title = {{MQTT site}},
	howpublished = "\url{https://mqtt.org/}"
}

@misc{mqtt_spec,
	author = {IBM},
	title = {{MQTT v5 specification}},
	howpublished = "\url{https://docs.oasis-open.org/mqtt/mqtt/v5.0/mqtt-v5.0.html}",
	year = {2014}
}

@misc{steven,
	author = {Steven},
	title = {{MQTT Control packet disassembled}},
	howpublished = "\url{http://www.steves-internet-guide.com/mqtt-protocol-messages-overview/}",
}

@misc{mosquitto,
	title = {{Mosquitto}},
	howpublished = "\url{http://www.mosquitto.org,}",
	year = {2012}
}

@inproceedings{qoslevel,
	author = {Shinho Lee, Hyeonwoo Kim, Dong-kweon Hong, Hongtaek Ju},
	title = {{Correlation Analysis of MQTT Loss and Delay According to QoS Level}},
	year = {2019}
}

@inproceedings{lowp,
	author = {M V Masdani and D Darlis},
	title = {{A comprehensive study on MQTT as a low power protocol for
	internet of things application}},
	year = {2018}
}

@misc{datausage,
	author = {Sudeep Chandrasekaran},
	title = {{How to Optimize Data Usage Over MQTT?}},
	howpublished = "\url{https://blog.usejournal.com/how-to-optimize-data-usage-over-mqtt-792abebd2cd1}",
}





